%YAML 1.1
%TAG !u! tag:unity3d.com,2011:
--- !u!29 &1
OcclusionCullingSettings:
  m_ObjectHideFlags: 0
  serializedVersion: 2
  m_OcclusionBakeSettings:
    smallestOccluder: 5
    smallestHole: 0.25
    backfaceThreshold: 100
  m_SceneGUID: 00000000000000000000000000000000
  m_OcclusionCullingData: {fileID: 0}
--- !u!104 &2
RenderSettings:
  m_ObjectHideFlags: 0
  serializedVersion: 9
  m_Fog: 0
  m_FogColor: {r: 0.5, g: 0.5, b: 0.5, a: 1}
  m_FogMode: 3
  m_FogDensity: 0.01
  m_LinearFogStart: 0
  m_LinearFogEnd: 300
  m_AmbientSkyColor: {r: 0.212, g: 0.227, b: 0.259, a: 1}
  m_AmbientEquatorColor: {r: 0.114, g: 0.125, b: 0.133, a: 1}
  m_AmbientGroundColor: {r: 0.047, g: 0.043, b: 0.035, a: 1}
  m_AmbientIntensity: 1
  m_AmbientMode: 3
  m_SubtractiveShadowColor: {r: 0.42, g: 0.478, b: 0.627, a: 1}
  m_SkyboxMaterial: {fileID: 0}
  m_HaloStrength: 0.5
  m_FlareStrength: 1
  m_FlareFadeSpeed: 3
  m_HaloTexture: {fileID: 0}
  m_SpotCookie: {fileID: 10001, guid: 0000000000000000e000000000000000, type: 0}
  m_DefaultReflectionMode: 0
  m_DefaultReflectionResolution: 128
  m_ReflectionBounces: 1
  m_ReflectionIntensity: 1
  m_CustomReflection: {fileID: 0}
  m_Sun: {fileID: 0}
  m_IndirectSpecularColor: {r: 0, g: 0, b: 0, a: 1}
  m_UseRadianceAmbientProbe: 0
--- !u!157 &3
LightmapSettings:
  m_ObjectHideFlags: 0
  serializedVersion: 11
  m_GIWorkflowMode: 1
  m_GISettings:
    serializedVersion: 2
    m_BounceScale: 1
    m_IndirectOutputScale: 1
    m_AlbedoBoost: 1
    m_EnvironmentLightingMode: 0
    m_EnableBakedLightmaps: 0
    m_EnableRealtimeLightmaps: 0
  m_LightmapEditorSettings:
    serializedVersion: 12
    m_Resolution: 2
    m_BakeResolution: 40
    m_AtlasSize: 1024
    m_AO: 0
    m_AOMaxDistance: 1
    m_CompAOExponent: 1
    m_CompAOExponentDirect: 0
    m_ExtractAmbientOcclusion: 0
    m_Padding: 2
    m_LightmapParameters: {fileID: 0}
    m_LightmapsBakeMode: 1
    m_TextureCompression: 1
    m_FinalGather: 0
    m_FinalGatherFiltering: 1
    m_FinalGatherRayCount: 256
    m_ReflectionCompression: 2
    m_MixedBakeMode: 2
    m_BakeBackend: 1
    m_PVRSampling: 1
    m_PVRDirectSampleCount: 32
    m_PVRSampleCount: 512
    m_PVRBounces: 2
    m_PVREnvironmentSampleCount: 256
    m_PVREnvironmentReferencePointCount: 2048
    m_PVRFilteringMode: 1
    m_PVRDenoiserTypeDirect: 1
    m_PVRDenoiserTypeIndirect: 1
    m_PVRDenoiserTypeAO: 1
    m_PVRFilterTypeDirect: 0
    m_PVRFilterTypeIndirect: 0
    m_PVRFilterTypeAO: 0
    m_PVREnvironmentMIS: 1
    m_PVRCulling: 1
    m_PVRFilteringGaussRadiusDirect: 1
    m_PVRFilteringGaussRadiusIndirect: 5
    m_PVRFilteringGaussRadiusAO: 2
    m_PVRFilteringAtrousPositionSigmaDirect: 0.5
    m_PVRFilteringAtrousPositionSigmaIndirect: 2
    m_PVRFilteringAtrousPositionSigmaAO: 1
    m_ShowResolutionOverlay: 1
    m_ExportTrainingData: 0
  m_LightingDataAsset: {fileID: 0}
  m_UseShadowmask: 1
--- !u!196 &4
NavMeshSettings:
  serializedVersion: 2
  m_ObjectHideFlags: 0
  m_BuildSettings:
    serializedVersion: 2
    agentTypeID: 0
    agentRadius: 0.5
    agentHeight: 2
    agentSlope: 45
    agentClimb: 0.4
    ledgeDropHeight: 0
    maxJumpAcrossDistance: 0
    minRegionArea: 2
    manualCellSize: 0
    cellSize: 0.16666667
    manualTileSize: 0
    tileSize: 256
    accuratePlacement: 0
    debug:
      m_Flags: 0
  m_NavMeshData: {fileID: 0}
--- !u!1001 &171674896
PrefabInstance:
  m_ObjectHideFlags: 0
  serializedVersion: 2
  m_Modification:
    m_TransformParent: {fileID: 0}
    m_Modifications:
    - target: {fileID: 8071148027472542696, guid: 4ea845384eb8fa84bae622fa73e72428,
        type: 3}
      propertyPath: m_Name
      value: 5x1 Forest Floor
      objectReference: {fileID: 0}
    - target: {fileID: 8071148027472542697, guid: 4ea845384eb8fa84bae622fa73e72428,
        type: 3}
      propertyPath: m_LocalPosition.x
      value: -4.27
      objectReference: {fileID: 0}
    - target: {fileID: 8071148027472542697, guid: 4ea845384eb8fa84bae622fa73e72428,
        type: 3}
      propertyPath: m_LocalPosition.y
      value: -7.14
      objectReference: {fileID: 0}
    - target: {fileID: 8071148027472542697, guid: 4ea845384eb8fa84bae622fa73e72428,
        type: 3}
      propertyPath: m_LocalPosition.z
      value: -22.660156
      objectReference: {fileID: 0}
    - target: {fileID: 8071148027472542697, guid: 4ea845384eb8fa84bae622fa73e72428,
        type: 3}
      propertyPath: m_LocalRotation.x
      value: -0
      objectReference: {fileID: 0}
    - target: {fileID: 8071148027472542697, guid: 4ea845384eb8fa84bae622fa73e72428,
        type: 3}
      propertyPath: m_LocalRotation.y
      value: -0
      objectReference: {fileID: 0}
    - target: {fileID: 8071148027472542697, guid: 4ea845384eb8fa84bae622fa73e72428,
        type: 3}
      propertyPath: m_LocalRotation.z
      value: -0
      objectReference: {fileID: 0}
    - target: {fileID: 8071148027472542697, guid: 4ea845384eb8fa84bae622fa73e72428,
        type: 3}
      propertyPath: m_LocalRotation.w
      value: 1
      objectReference: {fileID: 0}
    - target: {fileID: 8071148027472542697, guid: 4ea845384eb8fa84bae622fa73e72428,
        type: 3}
      propertyPath: m_RootOrder
      value: 6
      objectReference: {fileID: 0}
    - target: {fileID: 8071148027472542697, guid: 4ea845384eb8fa84bae622fa73e72428,
        type: 3}
      propertyPath: m_LocalEulerAnglesHint.x
      value: 0
      objectReference: {fileID: 0}
    - target: {fileID: 8071148027472542697, guid: 4ea845384eb8fa84bae622fa73e72428,
        type: 3}
      propertyPath: m_LocalEulerAnglesHint.y
      value: 0
      objectReference: {fileID: 0}
    - target: {fileID: 8071148027472542697, guid: 4ea845384eb8fa84bae622fa73e72428,
        type: 3}
      propertyPath: m_LocalEulerAnglesHint.z
      value: 0
      objectReference: {fileID: 0}
    m_RemovedComponents: []
  m_SourcePrefab: {fileID: 100100000, guid: 4ea845384eb8fa84bae622fa73e72428, type: 3}
--- !u!1 &398778255 stripped
GameObject:
  m_CorrespondingSourceObject: {fileID: 8108154498593756487, guid: b2dd37dc4151df7429e9852f35ebc52b,
    type: 3}
  m_PrefabInstance: {fileID: 1061523754}
  m_PrefabAsset: {fileID: 0}
--- !u!4 &398778256 stripped
Transform:
  m_CorrespondingSourceObject: {fileID: 8108154498593756494, guid: b2dd37dc4151df7429e9852f35ebc52b,
    type: 3}
  m_PrefabInstance: {fileID: 1061523754}
  m_PrefabAsset: {fileID: 0}
--- !u!60 &398778257
PolygonCollider2D:
  m_ObjectHideFlags: 0
  m_CorrespondingSourceObject: {fileID: 0}
  m_PrefabInstance: {fileID: 0}
  m_PrefabAsset: {fileID: 0}
  m_GameObject: {fileID: 398778255}
  m_Enabled: 1
  m_Density: 1
  m_Material: {fileID: 0}
  m_IsTrigger: 1
  m_UsedByEffector: 0
  m_UsedByComposite: 0
  m_Offset: {x: 0, y: 0}
  m_SpriteTilingProperty:
    border: {x: 0, y: 0, z: 0, w: 0}
    pivot: {x: 0.5, y: 0.5}
    oldSize: {x: 2.56, y: 2.56}
    newSize: {x: 2.56, y: 2.56}
    adaptiveTilingThreshold: 0.5
    drawMode: 0
    adaptiveTiling: 0
  m_AutoTiling: 0
  m_Points:
    m_Paths:
    - - {x: -0.255, y: -0.91749996}
      - {x: -0.2925, y: -0.885}
      - {x: -0.295, y: -0.875}
      - {x: -0.305, y: -0.85749996}
      - {x: -0.29749998, y: -0.8125}
      - {x: -0.30249998, y: -0.78499997}
      - {x: -0.30249998, y: -0.7725}
      - {x: -0.2725, y: -0.7725}
      - {x: -0.22999999, y: -0.7625}
      - {x: -0.195, y: -0.7425}
      - {x: -0.1875, y: -0.7525}
      - {x: -0.16499999, y: -0.765}
      - {x: -0.16499999, y: -0.8075}
      - {x: -0.1625, y: -0.8075}
      - {x: -0.16749999, y: -0.8775}
      - {x: -0.1725, y: -0.9575}
      - {x: -0.16499999, y: -0.98749995}
      - {x: -0.1575, y: -0.98999995}
      - {x: -0.067499995, y: -0.9925}
      - {x: -0.044999998, y: -0.9925}
      - {x: 0.0025, y: -0.98999995}
      - {x: 0.012499999, y: -0.98749995}
      - {x: 0.012499999, y: -0.935}
      - {x: 0.005, y: -0.9325}
      - {x: -0.0175, y: -0.93}
      - {x: -0.0425, y: -0.91999996}
      - {x: -0.082499996, y: -0.8875}
      - {x: -0.082499996, y: -0.875}
      - {x: -0.0925, y: -0.85499996}
      - {x: -0.085, y: -0.8125}
      - {x: -0.089999996, y: -0.7675}
      - {x: -0.07, y: -0.76}
      - {x: -0.02, y: -0.755}
      - {x: -0.0025, y: -0.7425}
      - {x: -0.0075, y: -0.71}
      - {x: 0.0075, y: -0.7025}
      - {x: 0.044999998, y: -0.71}
      - {x: 0.07, y: -0.695}
      - {x: 0.107499994, y: -0.72249997}
      - {x: 0.13499999, y: -0.7425}
      - {x: 0.185, y: -0.78}
      - {x: 0.19, y: -0.78}
      - {x: 0.195, y: -0.775}
      - {x: 0.195, y: -0.715}
      - {x: 0.1925, y: -0.6875}
      - {x: 0.185, y: -0.6375}
      - {x: 0.1725, y: -0.5625}
      - {x: 0.17, y: -0.54249996}
      - {x: 0.125, y: -0.39}
      - {x: 0.1175, y: -0.37}
      - {x: 0.04, y: -0.18249999}
      - {x: 0.0725, y: -0.14999999}
      - {x: 0.07, y: -0.1425}
      - {x: 0.0525, y: -0.105}
      - {x: 0.0075, y: -0.02}
      - {x: -0.03, y: 0.0475}
      - {x: -0.095, y: 0.16749999}
      - {x: -0.0975, y: 0.1875}
      - {x: -0.07, y: 0.19999999}
      - {x: -0.0325, y: 0.2175}
      - {x: 0.049999997, y: 0.2925}
      - {x: 0.12, y: 0.36499998}
      - {x: 0.14, y: 0.4025}
      - {x: 0.14, y: 0.4975}
      - {x: 0.1375, y: 0.5175}
      - {x: 0.1275, y: 0.585}
      - {x: 0.114999995, y: 0.64}
      - {x: 0.1025, y: 0.6975}
      - {x: 0.074999996, y: 0.77}
      - {x: 0.0625, y: 0.79749995}
      - {x: 0.0025, y: 0.9}
      - {x: -0.012499999, y: 0.91499996}
      - {x: -0.105, y: 0.91749996}
      - {x: -0.16499999, y: 0.92249995}
      - {x: -0.225, y: 0.92249995}
      - {x: -0.28, y: 0.91999996}
      - {x: -0.33499998, y: 0.91249996}
      - {x: -0.35999998, y: 0.90749997}
      - {x: -0.42999998, y: 0.8725}
      - {x: -0.45499998, y: 0.85749996}
      - {x: -0.5, y: 0.815}
      - {x: -0.5225, y: 0.78249997}
      - {x: -0.555, y: 0.705}
      - {x: -0.5775, y: 0.6375}
      - {x: -0.60249996, y: 0.53999996}
      - {x: -0.615, y: 0.475}
      - {x: -0.6325, y: 0.42249998}
      - {x: -0.63, y: 0.4025}
      - {x: -0.60749996, y: 0.3525}
      - {x: -0.56, y: 0.285}
      - {x: -0.5125, y: 0.2375}
      - {x: -0.49499997, y: 0.2225}
      - {x: -0.45499998, y: 0.19999999}
      - {x: -0.4125, y: 0.195}
      - {x: -0.375, y: 0.195}
      - {x: -0.3875, y: 0.18249999}
      - {x: -0.39999998, y: 0.1625}
      - {x: -0.42999998, y: 0.0975}
      - {x: -0.4425, y: 0.0775}
      - {x: -0.4675, y: 0.0175}
      - {x: -0.5225, y: -0.0925}
      - {x: -0.53249997, y: -0.114999995}
      - {x: -0.545, y: -0.1425}
      - {x: -0.545, y: -0.14999999}
      - {x: -0.5225, y: -0.17}
      - {x: -0.53749996, y: -0.19749999}
      - {x: -0.59, y: -0.315}
      - {x: -0.6125, y: -0.3775}
      - {x: -0.62, y: -0.39999998}
      - {x: -0.6325, y: -0.445}
      - {x: -0.65999997, y: -0.54249996}
      - {x: -0.66499996, y: -0.5625}
      - {x: -0.6875, y: -0.6875}
      - {x: -0.6875, y: -0.7775}
      - {x: -0.6825, y: -0.78}
      - {x: -0.6775, y: -0.78}
      - {x: -0.6275, y: -0.7425}
      - {x: -0.5625, y: -0.6975}
      - {x: -0.5225, y: -0.675}
      - {x: -0.48749998, y: -0.705}
      - {x: -0.45999998, y: -0.72249997}
      - {x: -0.4525, y: -0.72499996}
      - {x: -0.42, y: -0.7175}
      - {x: -0.3725, y: -0.78249997}
      - {x: -0.38, y: -0.79249996}
      - {x: -0.3775, y: -0.805}
      - {x: -0.38, y: -0.8775}
      - {x: -0.385, y: -0.9575}
      - {x: -0.3775, y: -0.98749995}
      - {x: -0.3725, y: -0.9925}
      - {x: -0.21249999, y: -0.9925}
      - {x: -0.205, y: -0.98749995}
      - {x: -0.2025, y: -0.9425}
      - {x: -0.21499999, y: -0.935}
--- !u!61 &398778258
BoxCollider2D:
  m_ObjectHideFlags: 0
  m_CorrespondingSourceObject: {fileID: 0}
  m_PrefabInstance: {fileID: 0}
  m_PrefabAsset: {fileID: 0}
  m_GameObject: {fileID: 398778255}
  m_Enabled: 1
  m_Density: 1
  m_Material: {fileID: 6200000, guid: bac77347e354ca04f9bc8af36e038732, type: 2}
  m_IsTrigger: 0
  m_UsedByEffector: 0
  m_UsedByComposite: 0
  m_Offset: {x: -0.24928617, y: -0.036748648}
  m_SpriteTilingProperty:
    border: {x: 0, y: 0, z: 0, w: 0}
    pivot: {x: 0.5, y: 0.5}
    oldSize: {x: 2.56, y: 2.56}
    newSize: {x: 2.56, y: 2.56}
    adaptiveTilingThreshold: 0.5
    drawMode: 0
    adaptiveTiling: 0
  m_AutoTiling: 0
  serializedVersion: 2
  m_Size: {x: 0.884557, y: 1.9051666}
  m_EdgeRadius: 0
--- !u!1 &436560488
GameObject:
  m_ObjectHideFlags: 0
  m_CorrespondingSourceObject: {fileID: 0}
  m_PrefabInstance: {fileID: 0}
  m_PrefabAsset: {fileID: 0}
  serializedVersion: 6
  m_Component:
  - component: {fileID: 436560490}
  - component: {fileID: 436560489}
  m_Layer: 0
  m_Name: Alpha Crit BG
  m_TagString: Untagged
  m_Icon: {fileID: 0}
  m_NavMeshLayer: 0
  m_StaticEditorFlags: 0
  m_IsActive: 1
--- !u!212 &436560489
SpriteRenderer:
  m_ObjectHideFlags: 0
  m_CorrespondingSourceObject: {fileID: 0}
  m_PrefabInstance: {fileID: 0}
  m_PrefabAsset: {fileID: 0}
  m_GameObject: {fileID: 436560488}
  m_Enabled: 1
  m_CastShadows: 0
  m_ReceiveShadows: 0
  m_DynamicOccludee: 1
  m_MotionVectors: 1
  m_LightProbeUsage: 1
  m_ReflectionProbeUsage: 1
  m_RenderingLayerMask: 1
  m_RendererPriority: 0
  m_Materials:
  - {fileID: 2100000, guid: c526035a3dadcf0438507e73e57836f7, type: 2}
  m_StaticBatchInfo:
    firstSubMesh: 0
    subMeshCount: 0
  m_StaticBatchRoot: {fileID: 0}
  m_ProbeAnchor: {fileID: 0}
  m_LightProbeVolumeOverride: {fileID: 0}
  m_ScaleInLightmap: 1
  m_PreserveUVs: 0
  m_IgnoreNormalsForChartDetection: 0
  m_ImportantGI: 0
  m_StitchLightmapSeams: 1
  m_SelectedEditorRenderState: 0
  m_MinimumChartSize: 4
  m_AutoUVMaxDistance: 0.5
  m_AutoUVMaxAngle: 89
  m_LightmapParameters: {fileID: 0}
  m_SortingLayerID: 0
  m_SortingLayer: 0
  m_SortingOrder: -2
  m_Sprite: {fileID: 21300000, guid: 7500fa5d184700c40aa2272aee3d52a0, type: 3}
  m_Color: {r: 1, g: 1, b: 1, a: 1}
  m_FlipX: 0
  m_FlipY: 0
  m_DrawMode: 0
  m_Size: {x: 19.2, y: 10.8}
  m_AdaptiveModeThreshold: 0.5
  m_SpriteTileMode: 0
  m_WasSpriteAssigned: 1
  m_MaskInteraction: 0
  m_SpriteSortPoint: 0
--- !u!4 &436560490
Transform:
  m_ObjectHideFlags: 0
  m_CorrespondingSourceObject: {fileID: 0}
  m_PrefabInstance: {fileID: 0}
  m_PrefabAsset: {fileID: 0}
  m_GameObject: {fileID: 436560488}
  m_LocalRotation: {x: 0, y: 0, z: 0, w: 1}
  m_LocalPosition: {x: -0.0574646, y: 0.06474352, z: 0}
  m_LocalScale: {x: 1, y: 1, z: 1}
  m_Children: []
  m_Father: {fileID: 0}
  m_RootOrder: 11
  m_LocalEulerAnglesHint: {x: 0, y: 0, z: 0}
--- !u!1 &449996965
GameObject:
  m_ObjectHideFlags: 0
  m_CorrespondingSourceObject: {fileID: 0}
  m_PrefabInstance: {fileID: 0}
  m_PrefabAsset: {fileID: 0}
  serializedVersion: 6
  m_Component:
  - component: {fileID: 449996966}
  - component: {fileID: 449996968}
  - component: {fileID: 449996967}
  m_Layer: 5
  m_Name: Flash
  m_TagString: Untagged
  m_Icon: {fileID: 0}
  m_NavMeshLayer: 0
  m_StaticEditorFlags: 0
  m_IsActive: 0
--- !u!224 &449996966
RectTransform:
  m_ObjectHideFlags: 0
  m_CorrespondingSourceObject: {fileID: 0}
  m_PrefabInstance: {fileID: 0}
  m_PrefabAsset: {fileID: 0}
  m_GameObject: {fileID: 449996965}
  m_LocalRotation: {x: -0, y: -0, z: -0, w: 1}
  m_LocalPosition: {x: 0, y: 0, z: 0}
  m_LocalScale: {x: 1, y: 1, z: 1}
  m_Children: []
  m_Father: {fileID: 1454293770}
  m_RootOrder: 7
  m_LocalEulerAnglesHint: {x: 0, y: 0, z: 0}
  m_AnchorMin: {x: 0.5, y: 0.5}
  m_AnchorMax: {x: 0.5, y: 0.5}
  m_AnchoredPosition: {x: -0.00012207031, y: -0.0013427734}
  m_SizeDelta: {x: 1920, y: 1080}
  m_Pivot: {x: 0.5, y: 0.5}
--- !u!114 &449996967
MonoBehaviour:
  m_ObjectHideFlags: 0
  m_CorrespondingSourceObject: {fileID: 0}
  m_PrefabInstance: {fileID: 0}
  m_PrefabAsset: {fileID: 0}
  m_GameObject: {fileID: 449996965}
  m_Enabled: 1
  m_EditorHideFlags: 0
  m_Script: {fileID: -765806418, guid: f70555f144d8491a825f0804e09c671c, type: 3}
  m_Name: 
  m_EditorClassIdentifier: 
  m_Material: {fileID: 0}
  m_Color: {r: 1, g: 0.9820348, b: 0.8254717, a: 1}
  m_RaycastTarget: 1
  m_OnCullStateChanged:
    m_PersistentCalls:
      m_Calls: []
    m_TypeName: UnityEngine.UI.MaskableGraphic+CullStateChangedEvent, UnityEngine.UI,
      Version=1.0.0.0, Culture=neutral, PublicKeyToken=null
  m_Sprite: {fileID: 0}
  m_Type: 0
  m_PreserveAspect: 0
  m_FillCenter: 1
  m_FillMethod: 4
  m_FillAmount: 1
  m_FillClockwise: 1
  m_FillOrigin: 0
  m_UseSpriteMesh: 0
--- !u!222 &449996968
CanvasRenderer:
  m_ObjectHideFlags: 0
  m_CorrespondingSourceObject: {fileID: 0}
  m_PrefabInstance: {fileID: 0}
  m_PrefabAsset: {fileID: 0}
  m_GameObject: {fileID: 449996965}
  m_CullTransparentMesh: 0
--- !u!4 &513947178 stripped
Transform:
  m_CorrespondingSourceObject: {fileID: 2569214650655930846, guid: 3596eea3e7d8a58428b8ddf08a4faf98,
    type: 3}
  m_PrefabInstance: {fileID: 1770213470}
  m_PrefabAsset: {fileID: 0}
--- !u!1 &645162500
GameObject:
  m_ObjectHideFlags: 0
  m_CorrespondingSourceObject: {fileID: 0}
  m_PrefabInstance: {fileID: 0}
  m_PrefabAsset: {fileID: 0}
  serializedVersion: 6
  m_Component:
  - component: {fileID: 645162505}
  - component: {fileID: 645162504}
  - component: {fileID: 645162503}
  - component: {fileID: 645162501}
  m_Layer: 0
  m_Name: Altar_Blue
  m_TagString: Untagged
  m_Icon: {fileID: 0}
  m_NavMeshLayer: 0
  m_StaticEditorFlags: 0
  m_IsActive: 1
--- !u!114 &645162501
MonoBehaviour:
  m_ObjectHideFlags: 0
  m_CorrespondingSourceObject: {fileID: 0}
  m_PrefabInstance: {fileID: 0}
  m_PrefabAsset: {fileID: 0}
  m_GameObject: {fileID: 645162500}
  m_Enabled: 1
  m_EditorHideFlags: 0
  m_Script: {fileID: 11500000, guid: 4d7ad16262d673e4bb56f0c99cbd5ad4, type: 3}
  m_Name: 
  m_EditorClassIdentifier: 
  Altaractivated: {fileID: 21300000, guid: bdc411eaccb66644db984f7ca0ef4002, type: 3}
  AltarDeactivated: {fileID: 21300000, guid: 15271e3565d4fba40b0c4b8b23f083d7, type: 3}
  altarsprite: {fileID: 645162504}
  flash: {fileID: 449996965}
  lightedbg: {fileID: 0}
  activated: 0
  goodtouch: 0
--- !u!61 &645162503
BoxCollider2D:
  m_ObjectHideFlags: 0
  m_CorrespondingSourceObject: {fileID: 0}
  m_PrefabInstance: {fileID: 0}
  m_PrefabAsset: {fileID: 0}
  m_GameObject: {fileID: 645162500}
  m_Enabled: 1
  m_Density: 1
  m_Material: {fileID: 0}
  m_IsTrigger: 1
  m_UsedByEffector: 0
  m_UsedByComposite: 0
  m_Offset: {x: 0, y: 0.9868002}
  m_SpriteTilingProperty:
    border: {x: 0, y: 0, z: 0, w: 0}
    pivot: {x: 0.5, y: 0.5}
    oldSize: {x: 2.56, y: 2.56}
    newSize: {x: 10.24, y: 10.24}
    adaptiveTilingThreshold: 0.5
    drawMode: 0
    adaptiveTiling: 0
  m_AutoTiling: 0
  serializedVersion: 2
  m_Size: {x: 2.56, y: 4.5336003}
  m_EdgeRadius: 0
--- !u!212 &645162504
SpriteRenderer:
  m_ObjectHideFlags: 0
  m_CorrespondingSourceObject: {fileID: 0}
  m_PrefabInstance: {fileID: 0}
  m_PrefabAsset: {fileID: 0}
  m_GameObject: {fileID: 645162500}
  m_Enabled: 1
  m_CastShadows: 0
  m_ReceiveShadows: 0
  m_DynamicOccludee: 1
  m_MotionVectors: 1
  m_LightProbeUsage: 1
  m_ReflectionProbeUsage: 1
  m_RenderingLayerMask: 1
  m_RendererPriority: 0
  m_Materials:
  - {fileID: 10754, guid: 0000000000000000f000000000000000, type: 0}
  m_StaticBatchInfo:
    firstSubMesh: 0
    subMeshCount: 0
  m_StaticBatchRoot: {fileID: 0}
  m_ProbeAnchor: {fileID: 0}
  m_LightProbeVolumeOverride: {fileID: 0}
  m_ScaleInLightmap: 1
  m_PreserveUVs: 0
  m_IgnoreNormalsForChartDetection: 0
  m_ImportantGI: 0
  m_StitchLightmapSeams: 1
  m_SelectedEditorRenderState: 0
  m_MinimumChartSize: 4
  m_AutoUVMaxDistance: 0.5
  m_AutoUVMaxAngle: 89
  m_LightmapParameters: {fileID: 0}
  m_SortingLayerID: 0
  m_SortingLayer: 0
  m_SortingOrder: 0
  m_Sprite: {fileID: 21300000, guid: 15271e3565d4fba40b0c4b8b23f083d7, type: 3}
  m_Color: {r: 1, g: 1, b: 1, a: 1}
  m_FlipX: 0
  m_FlipY: 0
  m_DrawMode: 0
  m_Size: {x: 10.24, y: 10.24}
  m_AdaptiveModeThreshold: 0.5
  m_SpriteTileMode: 0
  m_WasSpriteAssigned: 1
  m_MaskInteraction: 0
  m_SpriteSortPoint: 0
--- !u!4 &645162505
Transform:
  m_ObjectHideFlags: 0
  m_CorrespondingSourceObject: {fileID: 0}
  m_PrefabInstance: {fileID: 0}
  m_PrefabAsset: {fileID: 0}
  m_GameObject: {fileID: 645162500}
  m_LocalRotation: {x: 0, y: 0, z: 0, w: 1}
  m_LocalPosition: {x: -0.1, y: -3.15, z: 0}
  m_LocalScale: {x: 1, y: 1, z: 1}
  m_Children: []
  m_Father: {fileID: 0}
  m_RootOrder: 8
  m_LocalEulerAnglesHint: {x: 0, y: 0, z: 0}
--- !u!1 &723195863 stripped
GameObject:
  m_CorrespondingSourceObject: {fileID: 7675958051582419615, guid: 21363108b10be5343b1bc79947704e47,
    type: 3}
  m_PrefabInstance: {fileID: 978071701}
  m_PrefabAsset: {fileID: 0}
--- !u!1 &744993718
GameObject:
  m_ObjectHideFlags: 0
  m_CorrespondingSourceObject: {fileID: 0}
  m_PrefabInstance: {fileID: 0}
  m_PrefabAsset: {fileID: 0}
  serializedVersion: 6
  m_Component:
  - component: {fileID: 744993726}
  - component: {fileID: 744993725}
  - component: {fileID: 744993724}
  - component: {fileID: 744993723}
  - component: {fileID: 744993722}
  - component: {fileID: 744993721}
  - component: {fileID: 744993720}
  - component: {fileID: 744993719}
  m_Layer: 8
  m_Name: cave tree (2)
  m_TagString: Untagged
  m_Icon: {fileID: 0}
  m_NavMeshLayer: 0
  m_StaticEditorFlags: 0
  m_IsActive: 1
--- !u!114 &744993719
MonoBehaviour:
  m_ObjectHideFlags: 0
  m_CorrespondingSourceObject: {fileID: 0}
  m_PrefabInstance: {fileID: 0}
  m_PrefabAsset: {fileID: 0}
  m_GameObject: {fileID: 744993718}
  m_Enabled: 1
  m_EditorHideFlags: 0
  m_Script: {fileID: 11500000, guid: 6a83f1a52167a144985781a0e28ef568, type: 3}
  m_Name: 
  m_EditorClassIdentifier: 
  player: {fileID: 744993718}
  temporaryHome: {fileID: 0}
  ImUrs6: 0
  dropDelay: 0
  lightradius: {fileID: 744993726}
  lightradius2: {fileID: 744993726}
  lightradius3: {fileID: 744993726}
--- !u!114 &744993720
MonoBehaviour:
  m_ObjectHideFlags: 0
  m_CorrespondingSourceObject: {fileID: 0}
  m_PrefabInstance: {fileID: 0}
  m_PrefabAsset: {fileID: 0}
  m_GameObject: {fileID: 744993718}
  m_Enabled: 1
  m_EditorHideFlags: 0
  m_Script: {fileID: 11500000, guid: 617c4c1de0b8b474b89f355ff0e7bbba, type: 3}
  m_Name: 
  m_EditorClassIdentifier: 
  player: {fileID: 744993718}
  temporaryHome: {fileID: 0}
  ImUrs5: 0
  dropDelay: 0
  lightradius: {fileID: 744993726}
  lightradius2: {fileID: 744993726}
  lightradius3: {fileID: 744993726}
--- !u!114 &744993721
MonoBehaviour:
  m_ObjectHideFlags: 0
  m_CorrespondingSourceObject: {fileID: 0}
  m_PrefabInstance: {fileID: 0}
  m_PrefabAsset: {fileID: 0}
  m_GameObject: {fileID: 744993718}
  m_Enabled: 1
  m_EditorHideFlags: 0
  m_Script: {fileID: 11500000, guid: 60d9554c93ea1824b9f520012bfc089e, type: 3}
  m_Name: 
  m_EditorClassIdentifier: 
  player: {fileID: 744993718}
  temporaryHome: {fileID: 0}
  ImUrs4: 0
  dropDelay: 0
  lightradius: {fileID: 744993726}
  lightradius2: {fileID: 744993726}
  lightradius3: {fileID: 744993726}
--- !u!114 &744993722
MonoBehaviour:
  m_ObjectHideFlags: 0
  m_CorrespondingSourceObject: {fileID: 0}
  m_PrefabInstance: {fileID: 0}
  m_PrefabAsset: {fileID: 0}
  m_GameObject: {fileID: 744993718}
  m_Enabled: 1
  m_EditorHideFlags: 0
  m_Script: {fileID: 11500000, guid: c923efb95bbcb6f4284dcb70373c1390, type: 3}
  m_Name: 
  m_EditorClassIdentifier: 
  player: {fileID: 744993718}
  temporaryHome: {fileID: 0}
  ImUrs3: 0
  dropDelay: 0
  lightradius: {fileID: 744993726}
  lightradius2: {fileID: 744993726}
  lightradius3: {fileID: 744993726}
--- !u!114 &744993723
MonoBehaviour:
  m_ObjectHideFlags: 0
  m_CorrespondingSourceObject: {fileID: 0}
  m_PrefabInstance: {fileID: 0}
  m_PrefabAsset: {fileID: 0}
  m_GameObject: {fileID: 744993718}
  m_Enabled: 1
  m_EditorHideFlags: 0
  m_Script: {fileID: 11500000, guid: 369d69d9c6b786f4cb641d2f20795667, type: 3}
  m_Name: 
  m_EditorClassIdentifier: 
  player: {fileID: 744993718}
  temporaryHome: {fileID: 0}
  ImUrs2: 0
  dropDelay: 0
  lightradius: {fileID: 744993726}
  lightradius2: {fileID: 744993726}
  lightradius3: {fileID: 744993726}
--- !u!114 &744993724
MonoBehaviour:
  m_ObjectHideFlags: 0
  m_CorrespondingSourceObject: {fileID: 0}
  m_PrefabInstance: {fileID: 0}
  m_PrefabAsset: {fileID: 0}
  m_GameObject: {fileID: 744993718}
  m_Enabled: 1
  m_EditorHideFlags: 0
  m_Script: {fileID: 11500000, guid: d2193a01d8cc37e428574c83db365a77, type: 3}
  m_Name: 
  m_EditorClassIdentifier: 
  player: {fileID: 744993718}
  temporaryHome: {fileID: 0}
  ImUrs1: 0
  dropDelay: 0
  lightradius: {fileID: 744993726}
  lightradius2: {fileID: 744993726}
  lightradius3: {fileID: 744993726}
--- !u!212 &744993725
SpriteRenderer:
  m_ObjectHideFlags: 0
  m_CorrespondingSourceObject: {fileID: 0}
  m_PrefabInstance: {fileID: 0}
  m_PrefabAsset: {fileID: 0}
  m_GameObject: {fileID: 744993718}
  m_Enabled: 1
  m_CastShadows: 0
  m_ReceiveShadows: 0
  m_DynamicOccludee: 1
  m_MotionVectors: 1
  m_LightProbeUsage: 1
  m_ReflectionProbeUsage: 1
  m_RenderingLayerMask: 1
  m_RendererPriority: 0
  m_Materials:
  - {fileID: 2100000, guid: c526035a3dadcf0438507e73e57836f7, type: 2}
  m_StaticBatchInfo:
    firstSubMesh: 0
    subMeshCount: 0
  m_StaticBatchRoot: {fileID: 0}
  m_ProbeAnchor: {fileID: 0}
  m_LightProbeVolumeOverride: {fileID: 0}
  m_ScaleInLightmap: 1
  m_PreserveUVs: 0
  m_IgnoreNormalsForChartDetection: 0
  m_ImportantGI: 0
  m_StitchLightmapSeams: 1
  m_SelectedEditorRenderState: 0
  m_MinimumChartSize: 4
  m_AutoUVMaxDistance: 0.5
  m_AutoUVMaxAngle: 89
  m_LightmapParameters: {fileID: 0}
  m_SortingLayerID: 0
  m_SortingLayer: 0
  m_SortingOrder: -1
  m_Sprite: {fileID: 21300000, guid: 149c84ef4258ef44794607670aa991d4, type: 3}
  m_Color: {r: 1, g: 1, b: 1, a: 1}
  m_FlipX: 0
  m_FlipY: 0
  m_DrawMode: 0
  m_Size: {x: 3.4133334, y: 3.4133334}
  m_AdaptiveModeThreshold: 0.5
  m_SpriteTileMode: 0
  m_WasSpriteAssigned: 1
  m_MaskInteraction: 0
  m_SpriteSortPoint: 0
--- !u!4 &744993726
Transform:
  m_ObjectHideFlags: 0
  m_CorrespondingSourceObject: {fileID: 0}
  m_PrefabInstance: {fileID: 0}
  m_PrefabAsset: {fileID: 0}
  m_GameObject: {fileID: 744993718}
  m_LocalRotation: {x: -0, y: -0, z: 0.24322237, w: 0.9699706}
  m_LocalPosition: {x: -104.2, y: 3.9, z: 0}
  m_LocalScale: {x: 1, y: 1, z: 1}
  m_Children: []
  m_Father: {fileID: 0}
  m_RootOrder: 10
  m_LocalEulerAnglesHint: {x: 0, y: 0, z: 28.154001}
--- !u!1 &920378494
GameObject:
  m_ObjectHideFlags: 0
  m_CorrespondingSourceObject: {fileID: 0}
  m_PrefabInstance: {fileID: 0}
  m_PrefabAsset: {fileID: 0}
  serializedVersion: 6
  m_Component:
  - component: {fileID: 920378495}
  - component: {fileID: 920378497}
  - component: {fileID: 920378496}
  m_Layer: 5
  m_Name: Image
  m_TagString: Untagged
  m_Icon: {fileID: 0}
  m_NavMeshLayer: 0
  m_StaticEditorFlags: 0
  m_IsActive: 0
--- !u!224 &920378495
RectTransform:
  m_ObjectHideFlags: 0
  m_CorrespondingSourceObject: {fileID: 0}
  m_PrefabInstance: {fileID: 0}
  m_PrefabAsset: {fileID: 0}
  m_GameObject: {fileID: 920378494}
  m_LocalRotation: {x: -0, y: -0, z: -0, w: 1}
  m_LocalPosition: {x: 0, y: 0, z: 10}
  m_LocalScale: {x: 1, y: 1, z: 1}
  m_Children: []
  m_Father: {fileID: 1725861897}
  m_RootOrder: 0
  m_LocalEulerAnglesHint: {x: 0, y: 0, z: 0}
  m_AnchorMin: {x: 0.5, y: 0.5}
  m_AnchorMax: {x: 0.5, y: 0.5}
  m_AnchoredPosition: {x: 958.25, y: 542}
  m_SizeDelta: {x: 1916.6, y: 1916.6}
  m_Pivot: {x: 0.5, y: 0.5}
--- !u!114 &920378496
MonoBehaviour:
  m_ObjectHideFlags: 0
  m_CorrespondingSourceObject: {fileID: 0}
  m_PrefabInstance: {fileID: 0}
  m_PrefabAsset: {fileID: 0}
  m_GameObject: {fileID: 920378494}
  m_Enabled: 1
  m_EditorHideFlags: 0
  m_Script: {fileID: -765806418, guid: f70555f144d8491a825f0804e09c671c, type: 3}
  m_Name: 
  m_EditorClassIdentifier: 
  m_Material: {fileID: 0}
  m_Color: {r: 1, g: 1, b: 1, a: 1}
  m_RaycastTarget: 1
  m_OnCullStateChanged:
    m_PersistentCalls:
      m_Calls: []
    m_TypeName: UnityEngine.UI.MaskableGraphic+CullStateChangedEvent, UnityEngine.UI,
      Version=1.0.0.0, Culture=neutral, PublicKeyToken=null
  m_Sprite: {fileID: 21300000, guid: 7500fa5d184700c40aa2272aee3d52a0, type: 3}
  m_Type: 0
  m_PreserveAspect: 1
  m_FillCenter: 1
  m_FillMethod: 4
  m_FillAmount: 1
  m_FillClockwise: 1
  m_FillOrigin: 0
  m_UseSpriteMesh: 0
--- !u!222 &920378497
CanvasRenderer:
  m_ObjectHideFlags: 0
  m_CorrespondingSourceObject: {fileID: 0}
  m_PrefabInstance: {fileID: 0}
  m_PrefabAsset: {fileID: 0}
  m_GameObject: {fileID: 920378494}
  m_CullTransparentMesh: 0
--- !u!1001 &943911788
PrefabInstance:
  m_ObjectHideFlags: 0
  serializedVersion: 2
  m_Modification:
    m_TransformParent: {fileID: 0}
    m_Modifications:
    - target: {fileID: 7109152073899955376, guid: 215fb729f9570764ab7d7cb59d3760e0,
        type: 3}
      propertyPath: m_Name
      value: Key
      objectReference: {fileID: 0}
    - target: {fileID: 7109152073899955375, guid: 215fb729f9570764ab7d7cb59d3760e0,
        type: 3}
      propertyPath: m_LocalPosition.x
      value: -99
      objectReference: {fileID: 0}
    - target: {fileID: 7109152073899955375, guid: 215fb729f9570764ab7d7cb59d3760e0,
        type: 3}
      propertyPath: m_LocalPosition.y
      value: 3.2
      objectReference: {fileID: 0}
    - target: {fileID: 7109152073899955375, guid: 215fb729f9570764ab7d7cb59d3760e0,
        type: 3}
      propertyPath: m_LocalPosition.z
      value: 0
      objectReference: {fileID: 0}
    - target: {fileID: 7109152073899955375, guid: 215fb729f9570764ab7d7cb59d3760e0,
        type: 3}
      propertyPath: m_LocalRotation.x
      value: 0
      objectReference: {fileID: 0}
    - target: {fileID: 7109152073899955375, guid: 215fb729f9570764ab7d7cb59d3760e0,
        type: 3}
      propertyPath: m_LocalRotation.y
      value: 0
      objectReference: {fileID: 0}
    - target: {fileID: 7109152073899955375, guid: 215fb729f9570764ab7d7cb59d3760e0,
        type: 3}
      propertyPath: m_LocalRotation.z
      value: 0.70827824
      objectReference: {fileID: 0}
    - target: {fileID: 7109152073899955375, guid: 215fb729f9570764ab7d7cb59d3760e0,
        type: 3}
      propertyPath: m_LocalRotation.w
      value: 0.7059334
      objectReference: {fileID: 0}
    - target: {fileID: 7109152073899955375, guid: 215fb729f9570764ab7d7cb59d3760e0,
        type: 3}
      propertyPath: m_RootOrder
      value: 2
      objectReference: {fileID: 0}
    - target: {fileID: 7109152073899955375, guid: 215fb729f9570764ab7d7cb59d3760e0,
        type: 3}
      propertyPath: m_LocalEulerAnglesHint.x
      value: 0
      objectReference: {fileID: 0}
    - target: {fileID: 7109152073899955375, guid: 215fb729f9570764ab7d7cb59d3760e0,
        type: 3}
      propertyPath: m_LocalEulerAnglesHint.y
      value: 0
      objectReference: {fileID: 0}
    - target: {fileID: 7109152073899955375, guid: 215fb729f9570764ab7d7cb59d3760e0,
        type: 3}
      propertyPath: m_LocalEulerAnglesHint.z
      value: 90.19
      objectReference: {fileID: 0}
    m_RemovedComponents: []
  m_SourcePrefab: {fileID: 100100000, guid: 215fb729f9570764ab7d7cb59d3760e0, type: 3}
--- !u!1001 &978071701
PrefabInstance:
  m_ObjectHideFlags: 0
  serializedVersion: 2
  m_Modification:
    m_TransformParent: {fileID: 0}
    m_Modifications:
    - target: {fileID: 7675958051582419615, guid: 21363108b10be5343b1bc79947704e47,
        type: 3}
      propertyPath: m_Name
      value: UI
      objectReference: {fileID: 0}
    - target: {fileID: 7675958051582419683, guid: 21363108b10be5343b1bc79947704e47,
        type: 3}
      propertyPath: m_LocalPosition.x
      value: 0
      objectReference: {fileID: 0}
    - target: {fileID: 7675958051582419683, guid: 21363108b10be5343b1bc79947704e47,
        type: 3}
      propertyPath: m_LocalPosition.y
      value: 0
      objectReference: {fileID: 0}
    - target: {fileID: 7675958051582419683, guid: 21363108b10be5343b1bc79947704e47,
        type: 3}
      propertyPath: m_LocalPosition.z
      value: 0
      objectReference: {fileID: 0}
    - target: {fileID: 7675958051582419683, guid: 21363108b10be5343b1bc79947704e47,
        type: 3}
      propertyPath: m_LocalRotation.x
      value: 0
      objectReference: {fileID: 0}
    - target: {fileID: 7675958051582419683, guid: 21363108b10be5343b1bc79947704e47,
        type: 3}
      propertyPath: m_LocalRotation.y
      value: 0
      objectReference: {fileID: 0}
    - target: {fileID: 7675958051582419683, guid: 21363108b10be5343b1bc79947704e47,
        type: 3}
      propertyPath: m_LocalRotation.z
      value: 0
      objectReference: {fileID: 0}
    - target: {fileID: 7675958051582419683, guid: 21363108b10be5343b1bc79947704e47,
        type: 3}
      propertyPath: m_LocalRotation.w
      value: 1
      objectReference: {fileID: 0}
    - target: {fileID: 7675958051582419683, guid: 21363108b10be5343b1bc79947704e47,
        type: 3}
      propertyPath: m_RootOrder
      value: 7
      objectReference: {fileID: 0}
    - target: {fileID: 7675958051582419683, guid: 21363108b10be5343b1bc79947704e47,
        type: 3}
      propertyPath: m_LocalEulerAnglesHint.x
      value: 0
      objectReference: {fileID: 0}
    - target: {fileID: 7675958051582419683, guid: 21363108b10be5343b1bc79947704e47,
        type: 3}
      propertyPath: m_LocalEulerAnglesHint.y
      value: 0
      objectReference: {fileID: 0}
    - target: {fileID: 7675958051582419683, guid: 21363108b10be5343b1bc79947704e47,
        type: 3}
      propertyPath: m_LocalEulerAnglesHint.z
      value: 0
      objectReference: {fileID: 0}
    - target: {fileID: 7675958051582419683, guid: 21363108b10be5343b1bc79947704e47,
        type: 3}
      propertyPath: m_AnchoredPosition.x
      value: 0
      objectReference: {fileID: 0}
    - target: {fileID: 7675958051582419683, guid: 21363108b10be5343b1bc79947704e47,
        type: 3}
      propertyPath: m_AnchoredPosition.y
      value: 0
      objectReference: {fileID: 0}
    - target: {fileID: 7675958051582419683, guid: 21363108b10be5343b1bc79947704e47,
        type: 3}
      propertyPath: m_SizeDelta.x
      value: 0
      objectReference: {fileID: 0}
    - target: {fileID: 7675958051582419683, guid: 21363108b10be5343b1bc79947704e47,
        type: 3}
      propertyPath: m_SizeDelta.y
      value: 0
      objectReference: {fileID: 0}
    - target: {fileID: 7675958051582419683, guid: 21363108b10be5343b1bc79947704e47,
        type: 3}
      propertyPath: m_AnchorMin.x
      value: 0
      objectReference: {fileID: 0}
    - target: {fileID: 7675958051582419683, guid: 21363108b10be5343b1bc79947704e47,
        type: 3}
      propertyPath: m_AnchorMin.y
      value: 0
      objectReference: {fileID: 0}
    - target: {fileID: 7675958051582419683, guid: 21363108b10be5343b1bc79947704e47,
        type: 3}
      propertyPath: m_AnchorMax.x
      value: 0
      objectReference: {fileID: 0}
    - target: {fileID: 7675958051582419683, guid: 21363108b10be5343b1bc79947704e47,
        type: 3}
      propertyPath: m_AnchorMax.y
      value: 0
      objectReference: {fileID: 0}
    - target: {fileID: 7675958051582419683, guid: 21363108b10be5343b1bc79947704e47,
        type: 3}
      propertyPath: m_Pivot.x
      value: 0
      objectReference: {fileID: 0}
    - target: {fileID: 7675958051582419683, guid: 21363108b10be5343b1bc79947704e47,
        type: 3}
      propertyPath: m_Pivot.y
      value: 0
      objectReference: {fileID: 0}
    - target: {fileID: 3021546040550357635, guid: 21363108b10be5343b1bc79947704e47,
        type: 3}
      propertyPath: NormalUI
      value: 
      objectReference: {fileID: 723195863}
    - target: {fileID: 3021546040550357635, guid: 21363108b10be5343b1bc79947704e47,
        type: 3}
      propertyPath: PausemenuUI
      value: 
      objectReference: {fileID: 1317746411}
    m_RemovedComponents: []
  m_SourcePrefab: {fileID: 100100000, guid: 21363108b10be5343b1bc79947704e47, type: 3}
--- !u!1001 &1061523754
PrefabInstance:
  m_ObjectHideFlags: 0
  serializedVersion: 2
  m_Modification:
    m_TransformParent: {fileID: 0}
    m_Modifications:
    - target: {fileID: 8108154498593756487, guid: b2dd37dc4151df7429e9852f35ebc52b,
        type: 3}
      propertyPath: m_Name
      value: Seika
      objectReference: {fileID: 0}
    - target: {fileID: 8108154498593756494, guid: b2dd37dc4151df7429e9852f35ebc52b,
        type: 3}
      propertyPath: m_LocalPosition.x
      value: -6.36
      objectReference: {fileID: 0}
    - target: {fileID: 8108154498593756494, guid: b2dd37dc4151df7429e9852f35ebc52b,
        type: 3}
      propertyPath: m_LocalPosition.y
      value: -2.78
      objectReference: {fileID: 0}
    - target: {fileID: 8108154498593756494, guid: b2dd37dc4151df7429e9852f35ebc52b,
        type: 3}
      propertyPath: m_LocalPosition.z
      value: 0
      objectReference: {fileID: 0}
    - target: {fileID: 8108154498593756494, guid: b2dd37dc4151df7429e9852f35ebc52b,
        type: 3}
      propertyPath: m_LocalRotation.x
      value: -0
      objectReference: {fileID: 0}
    - target: {fileID: 8108154498593756494, guid: b2dd37dc4151df7429e9852f35ebc52b,
        type: 3}
      propertyPath: m_LocalRotation.y
      value: -0
      objectReference: {fileID: 0}
    - target: {fileID: 8108154498593756494, guid: b2dd37dc4151df7429e9852f35ebc52b,
        type: 3}
      propertyPath: m_LocalRotation.z
      value: -0
      objectReference: {fileID: 0}
    - target: {fileID: 8108154498593756494, guid: b2dd37dc4151df7429e9852f35ebc52b,
        type: 3}
      propertyPath: m_LocalRotation.w
      value: 1
      objectReference: {fileID: 0}
    - target: {fileID: 8108154498593756494, guid: b2dd37dc4151df7429e9852f35ebc52b,
        type: 3}
      propertyPath: m_RootOrder
      value: 5
      objectReference: {fileID: 0}
    - target: {fileID: 8108154498593756494, guid: b2dd37dc4151df7429e9852f35ebc52b,
        type: 3}
      propertyPath: m_LocalEulerAnglesHint.x
      value: 0
      objectReference: {fileID: 0}
    - target: {fileID: 8108154498593756494, guid: b2dd37dc4151df7429e9852f35ebc52b,
        type: 3}
      propertyPath: m_LocalEulerAnglesHint.y
      value: 0
      objectReference: {fileID: 0}
    - target: {fileID: 8108154498593756494, guid: b2dd37dc4151df7429e9852f35ebc52b,
        type: 3}
      propertyPath: m_LocalEulerAnglesHint.z
      value: 0
      objectReference: {fileID: 0}
    - target: {fileID: 8108154498593756492, guid: b2dd37dc4151df7429e9852f35ebc52b,
        type: 3}
      propertyPath: torch
      value: 
      objectReference: {fileID: 2130761168}
    - target: {fileID: 8108154498593756492, guid: b2dd37dc4151df7429e9852f35ebc52b,
        type: 3}
      propertyPath: Key
      value: 
      objectReference: {fileID: 1228937433}
    - target: {fileID: 8108154498593756492, guid: b2dd37dc4151df7429e9852f35ebc52b,
        type: 3}
      propertyPath: leveltoload
      value: 
      objectReference: {fileID: 0}
    - target: {fileID: 8108154498593756492, guid: b2dd37dc4151df7429e9852f35ebc52b,
        type: 3}
      propertyPath: torch1
      value: 
      objectReference: {fileID: 744993726}
    - target: {fileID: 8108154498593756492, guid: b2dd37dc4151df7429e9852f35ebc52b,
        type: 3}
      propertyPath: torch2
      value: 
      objectReference: {fileID: 744993726}
    - target: {fileID: 8108154498593756492, guid: b2dd37dc4151df7429e9852f35ebc52b,
        type: 3}
      propertyPath: torch3
      value: 
      objectReference: {fileID: 744993726}
    - target: {fileID: 8108154498593756492, guid: b2dd37dc4151df7429e9852f35ebc52b,
        type: 3}
      propertyPath: torch4
      value: 
      objectReference: {fileID: 744993726}
    - target: {fileID: 8108154498593756492, guid: b2dd37dc4151df7429e9852f35ebc52b,
        type: 3}
      propertyPath: torch5
      value: 
      objectReference: {fileID: 744993726}
    - target: {fileID: 8108154498593756492, guid: b2dd37dc4151df7429e9852f35ebc52b,
        type: 3}
      propertyPath: torch6
      value: 
      objectReference: {fileID: 744993726}
    - target: {fileID: 8108154498593756491, guid: b2dd37dc4151df7429e9852f35ebc52b,
        type: 3}
      propertyPath: m_Enabled
      value: 0
      objectReference: {fileID: 0}
    - target: {fileID: 8108154498593756490, guid: b2dd37dc4151df7429e9852f35ebc52b,
        type: 3}
      propertyPath: m_Enabled
      value: 0
      objectReference: {fileID: 0}
    m_RemovedComponents: []
  m_SourcePrefab: {fileID: 100100000, guid: b2dd37dc4151df7429e9852f35ebc52b, type: 3}
--- !u!4 &1228937433 stripped
Transform:
  m_CorrespondingSourceObject: {fileID: 7109152073899955375, guid: 215fb729f9570764ab7d7cb59d3760e0,
    type: 3}
  m_PrefabInstance: {fileID: 943911788}
  m_PrefabAsset: {fileID: 0}
--- !u!1001 &1307912896
PrefabInstance:
  m_ObjectHideFlags: 0
  serializedVersion: 2
  m_Modification:
    m_TransformParent: {fileID: 0}
    m_Modifications:
    - target: {fileID: 2553094499324866040, guid: aab44fede313df541950b5de755b7e6a,
        type: 3}
      propertyPath: m_Name
      value: Pause Menu
      objectReference: {fileID: 0}
    - target: {fileID: 2553094499324866040, guid: aab44fede313df541950b5de755b7e6a,
        type: 3}
      propertyPath: m_IsActive
      value: 0
      objectReference: {fileID: 0}
    - target: {fileID: 2553094499324866038, guid: aab44fede313df541950b5de755b7e6a,
        type: 3}
      propertyPath: m_LocalPosition.x
      value: 0
      objectReference: {fileID: 0}
    - target: {fileID: 2553094499324866038, guid: aab44fede313df541950b5de755b7e6a,
        type: 3}
      propertyPath: m_LocalPosition.y
      value: 0
      objectReference: {fileID: 0}
    - target: {fileID: 2553094499324866038, guid: aab44fede313df541950b5de755b7e6a,
        type: 3}
      propertyPath: m_LocalPosition.z
      value: 0
      objectReference: {fileID: 0}
    - target: {fileID: 2553094499324866038, guid: aab44fede313df541950b5de755b7e6a,
        type: 3}
      propertyPath: m_LocalRotation.x
      value: 0
      objectReference: {fileID: 0}
    - target: {fileID: 2553094499324866038, guid: aab44fede313df541950b5de755b7e6a,
        type: 3}
      propertyPath: m_LocalRotation.y
      value: 0
      objectReference: {fileID: 0}
    - target: {fileID: 2553094499324866038, guid: aab44fede313df541950b5de755b7e6a,
        type: 3}
      propertyPath: m_LocalRotation.z
      value: 0
      objectReference: {fileID: 0}
    - target: {fileID: 2553094499324866038, guid: aab44fede313df541950b5de755b7e6a,
        type: 3}
      propertyPath: m_LocalRotation.w
      value: 1
      objectReference: {fileID: 0}
    - target: {fileID: 2553094499324866038, guid: aab44fede313df541950b5de755b7e6a,
        type: 3}
      propertyPath: m_RootOrder
      value: 12
      objectReference: {fileID: 0}
    - target: {fileID: 2553094499324866038, guid: aab44fede313df541950b5de755b7e6a,
        type: 3}
      propertyPath: m_LocalEulerAnglesHint.x
      value: 0
      objectReference: {fileID: 0}
    - target: {fileID: 2553094499324866038, guid: aab44fede313df541950b5de755b7e6a,
        type: 3}
      propertyPath: m_LocalEulerAnglesHint.y
      value: 0
      objectReference: {fileID: 0}
    - target: {fileID: 2553094499324866038, guid: aab44fede313df541950b5de755b7e6a,
        type: 3}
      propertyPath: m_LocalEulerAnglesHint.z
      value: 0
      objectReference: {fileID: 0}
    - target: {fileID: 2553094499324866038, guid: aab44fede313df541950b5de755b7e6a,
        type: 3}
      propertyPath: m_AnchoredPosition.x
      value: 0
      objectReference: {fileID: 0}
    - target: {fileID: 2553094499324866038, guid: aab44fede313df541950b5de755b7e6a,
        type: 3}
      propertyPath: m_AnchoredPosition.y
      value: 0
      objectReference: {fileID: 0}
    - target: {fileID: 2553094499324866038, guid: aab44fede313df541950b5de755b7e6a,
        type: 3}
      propertyPath: m_SizeDelta.x
      value: 0
      objectReference: {fileID: 0}
    - target: {fileID: 2553094499324866038, guid: aab44fede313df541950b5de755b7e6a,
        type: 3}
      propertyPath: m_SizeDelta.y
      value: 0
      objectReference: {fileID: 0}
    - target: {fileID: 2553094499324866038, guid: aab44fede313df541950b5de755b7e6a,
        type: 3}
      propertyPath: m_AnchorMin.x
      value: 0
      objectReference: {fileID: 0}
    - target: {fileID: 2553094499324866038, guid: aab44fede313df541950b5de755b7e6a,
        type: 3}
      propertyPath: m_AnchorMin.y
      value: 0
      objectReference: {fileID: 0}
    - target: {fileID: 2553094499324866038, guid: aab44fede313df541950b5de755b7e6a,
        type: 3}
      propertyPath: m_AnchorMax.x
      value: 0
      objectReference: {fileID: 0}
    - target: {fileID: 2553094499324866038, guid: aab44fede313df541950b5de755b7e6a,
        type: 3}
      propertyPath: m_AnchorMax.y
      value: 0
      objectReference: {fileID: 0}
    - target: {fileID: 2553094499324866038, guid: aab44fede313df541950b5de755b7e6a,
        type: 3}
      propertyPath: m_Pivot.x
      value: 0
      objectReference: {fileID: 0}
    - target: {fileID: 2553094499324866038, guid: aab44fede313df541950b5de755b7e6a,
        type: 3}
      propertyPath: m_Pivot.y
      value: 0
      objectReference: {fileID: 0}
    - target: {fileID: 2553094499324866039, guid: aab44fede313df541950b5de755b7e6a,
        type: 3}
      propertyPath: NormalUI
      value: 
      objectReference: {fileID: 723195863}
    m_RemovedComponents: []
  m_SourcePrefab: {fileID: 100100000, guid: aab44fede313df541950b5de755b7e6a, type: 3}
--- !u!1 &1317746411 stripped
GameObject:
  m_CorrespondingSourceObject: {fileID: 2553094499324866040, guid: aab44fede313df541950b5de755b7e6a,
    type: 3}
  m_PrefabInstance: {fileID: 1307912896}
  m_PrefabAsset: {fileID: 0}
--- !u!1 &1377656965
GameObject:
  m_ObjectHideFlags: 0
  m_CorrespondingSourceObject: {fileID: 0}
  m_PrefabInstance: {fileID: 0}
  m_PrefabAsset: {fileID: 0}
  serializedVersion: 6
  m_Component:
  - component: {fileID: 1377656966}
  - component: {fileID: 1377656967}
  m_Layer: 0
  m_Name: Levelmanager
  m_TagString: Untagged
  m_Icon: {fileID: 0}
  m_NavMeshLayer: 0
  m_StaticEditorFlags: 0
  m_IsActive: 1
--- !u!4 &1377656966
Transform:
  m_ObjectHideFlags: 0
  m_CorrespondingSourceObject: {fileID: 0}
  m_PrefabInstance: {fileID: 0}
  m_PrefabAsset: {fileID: 0}
  m_GameObject: {fileID: 1377656965}
  m_LocalRotation: {x: 0, y: 0, z: 0, w: 1}
  m_LocalPosition: {x: -2.1874886, y: -1.7154446, z: -7.9827976}
  m_LocalScale: {x: 1, y: 1, z: 1}
  m_Children: []
  m_Father: {fileID: 0}
  m_RootOrder: 9
  m_LocalEulerAnglesHint: {x: 0, y: 0, z: 0}
--- !u!114 &1377656967
MonoBehaviour:
  m_ObjectHideFlags: 0
  m_CorrespondingSourceObject: {fileID: 0}
  m_PrefabInstance: {fileID: 0}
  m_PrefabAsset: {fileID: 0}
  m_GameObject: {fileID: 1377656965}
  m_Enabled: 1
  m_EditorHideFlags: 0
  m_Script: {fileID: 11500000, guid: 16e66bf94b59832468641d10a7fb3a88, type: 3}
  m_Name: 
  m_EditorClassIdentifier: 
  ambienceSound: {fileID: 0}
  player: {fileID: 398778256}
  inactivetorch: 0
  x: {fileID: 0}
  xx: {fileID: 0}
  xxx: {fileID: 0}
  once: 1
--- !u!224 &1454293770 stripped
RectTransform:
  m_CorrespondingSourceObject: {fileID: 7675958051582419683, guid: 21363108b10be5343b1bc79947704e47,
    type: 3}
  m_PrefabInstance: {fileID: 978071701}
  m_PrefabAsset: {fileID: 0}
--- !u!1 &1725861894
GameObject:
  m_ObjectHideFlags: 0
  m_CorrespondingSourceObject: {fileID: 0}
  m_PrefabInstance: {fileID: 0}
  m_PrefabAsset: {fileID: 0}
  serializedVersion: 6
  m_Component:
  - component: {fileID: 1725861897}
  - component: {fileID: 1725861896}
  - component: {fileID: 1725861895}
  m_Layer: 0
  m_Name: Main Camera
  m_TagString: MainCamera
  m_Icon: {fileID: 0}
  m_NavMeshLayer: 0
  m_StaticEditorFlags: 0
  m_IsActive: 1
--- !u!81 &1725861895
AudioListener:
  m_ObjectHideFlags: 0
  m_CorrespondingSourceObject: {fileID: 0}
  m_PrefabInstance: {fileID: 0}
  m_PrefabAsset: {fileID: 0}
  m_GameObject: {fileID: 1725861894}
  m_Enabled: 1
--- !u!20 &1725861896
Camera:
  m_ObjectHideFlags: 0
  m_CorrespondingSourceObject: {fileID: 0}
  m_PrefabInstance: {fileID: 0}
  m_PrefabAsset: {fileID: 0}
  m_GameObject: {fileID: 1725861894}
  m_Enabled: 1
  serializedVersion: 2
  m_ClearFlags: 1
  m_BackGroundColor: {r: 0.19215687, g: 0.3019608, b: 0.4745098, a: 0}
  m_projectionMatrixMode: 1
  m_GateFitMode: 2
  m_FOVAxisMode: 0
  m_SensorSize: {x: 36, y: 24}
  m_LensShift: {x: 0, y: 0}
  m_FocalLength: 50
  m_NormalizedViewPortRect:
    serializedVersion: 2
    x: 0
    y: 0
    width: 1
    height: 1
  near clip plane: 0.3
  far clip plane: 1000
  field of view: 60
  orthographic: 1
  orthographic size: 5
  m_Depth: -1
  m_CullingMask:
    serializedVersion: 2
    m_Bits: 4294967295
  m_RenderingPath: -1
  m_TargetTexture: {fileID: 0}
  m_TargetDisplay: 0
  m_TargetEye: 3
  m_HDR: 1
  m_AllowMSAA: 1
  m_AllowDynamicResolution: 0
  m_ForceIntoRT: 0
  m_OcclusionCulling: 1
  m_StereoConvergence: 10
  m_StereoSeparation: 0.022
--- !u!4 &1725861897
Transform:
  m_ObjectHideFlags: 0
  m_CorrespondingSourceObject: {fileID: 0}
  m_PrefabInstance: {fileID: 0}
  m_PrefabAsset: {fileID: 0}
  m_GameObject: {fileID: 1725861894}
  m_LocalRotation: {x: 0, y: 0, z: 0, w: 1}
  m_LocalPosition: {x: 0, y: 0, z: -10}
  m_LocalScale: {x: 1, y: 1, z: 1}
  m_Children:
  - {fileID: 920378495}
  m_Father: {fileID: 0}
  m_RootOrder: 0
  m_LocalEulerAnglesHint: {x: 0, y: 0, z: 0}
--- !u!1001 &1770213470
PrefabInstance:
  m_ObjectHideFlags: 0
  serializedVersion: 2
  m_Modification:
    m_TransformParent: {fileID: 398778256}
    m_Modifications:
    - target: {fileID: 6140113488773068019, guid: 3596eea3e7d8a58428b8ddf08a4faf98,
        type: 3}
      propertyPath: m_Name
      value: Torch
      objectReference: {fileID: 0}
    - target: {fileID: 6140113488773068018, guid: 3596eea3e7d8a58428b8ddf08a4faf98,
        type: 3}
      propertyPath: m_LocalPosition.x
      value: -0.18
      objectReference: {fileID: 0}
    - target: {fileID: 6140113488773068018, guid: 3596eea3e7d8a58428b8ddf08a4faf98,
        type: 3}
      propertyPath: m_LocalPosition.y
      value: -0.31
      objectReference: {fileID: 0}
    - target: {fileID: 6140113488773068018, guid: 3596eea3e7d8a58428b8ddf08a4faf98,
        type: 3}
      propertyPath: m_LocalPosition.z
      value: 0
      objectReference: {fileID: 0}
    - target: {fileID: 6140113488773068018, guid: 3596eea3e7d8a58428b8ddf08a4faf98,
        type: 3}
      propertyPath: m_LocalRotation.x
      value: -0
      objectReference: {fileID: 0}
    - target: {fileID: 6140113488773068018, guid: 3596eea3e7d8a58428b8ddf08a4faf98,
        type: 3}
      propertyPath: m_LocalRotation.y
      value: -0
      objectReference: {fileID: 0}
    - target: {fileID: 6140113488773068018, guid: 3596eea3e7d8a58428b8ddf08a4faf98,
        type: 3}
      propertyPath: m_LocalRotation.z
      value: -0
      objectReference: {fileID: 0}
    - target: {fileID: 6140113488773068018, guid: 3596eea3e7d8a58428b8ddf08a4faf98,
        type: 3}
      propertyPath: m_LocalRotation.w
      value: 1
      objectReference: {fileID: 0}
    - target: {fileID: 6140113488773068018, guid: 3596eea3e7d8a58428b8ddf08a4faf98,
        type: 3}
      propertyPath: m_RootOrder
      value: 2
      objectReference: {fileID: 0}
    - target: {fileID: 6140113488773068018, guid: 3596eea3e7d8a58428b8ddf08a4faf98,
        type: 3}
      propertyPath: m_LocalEulerAnglesHint.x
      value: 0
      objectReference: {fileID: 0}
    - target: {fileID: 6140113488773068018, guid: 3596eea3e7d8a58428b8ddf08a4faf98,
        type: 3}
      propertyPath: m_LocalEulerAnglesHint.y
      value: 0
      objectReference: {fileID: 0}
    - target: {fileID: 6140113488773068018, guid: 3596eea3e7d8a58428b8ddf08a4faf98,
        type: 3}
      propertyPath: m_LocalEulerAnglesHint.z
      value: 0
      objectReference: {fileID: 0}
    - target: {fileID: 6140113488773067981, guid: 3596eea3e7d8a58428b8ddf08a4faf98,
        type: 3}
      propertyPath: player
      value: 
      objectReference: {fileID: 398778255}
    - target: {fileID: 6140113488773067981, guid: 3596eea3e7d8a58428b8ddf08a4faf98,
        type: 3}
      propertyPath: levelManager
      value: 
      objectReference: {fileID: 1377656965}
    - target: {fileID: 6140113488773067981, guid: 3596eea3e7d8a58428b8ddf08a4faf98,
        type: 3}
      propertyPath: lightradius
      value: 
      objectReference: {fileID: 513947178}
    m_RemovedComponents: []
  m_SourcePrefab: {fileID: 100100000, guid: 3596eea3e7d8a58428b8ddf08a4faf98, type: 3}
--- !u!1001 &2039330613
PrefabInstance:
  m_ObjectHideFlags: 0
  serializedVersion: 2
  m_Modification:
    m_TransformParent: {fileID: 0}
    m_Modifications:
    - target: {fileID: 3618456264386594432, guid: 426e2b92cf8d55b4f80b1ec96baa2ace,
        type: 3}
      propertyPath: m_Name
      value: EventSystem
      objectReference: {fileID: 0}
    - target: {fileID: 3618456264386594557, guid: 426e2b92cf8d55b4f80b1ec96baa2ace,
        type: 3}
      propertyPath: m_LocalPosition.x
      value: 0
      objectReference: {fileID: 0}
    - target: {fileID: 3618456264386594557, guid: 426e2b92cf8d55b4f80b1ec96baa2ace,
        type: 3}
      propertyPath: m_LocalPosition.y
      value: 0
      objectReference: {fileID: 0}
    - target: {fileID: 3618456264386594557, guid: 426e2b92cf8d55b4f80b1ec96baa2ace,
        type: 3}
      propertyPath: m_LocalPosition.z
      value: 0
      objectReference: {fileID: 0}
    - target: {fileID: 3618456264386594557, guid: 426e2b92cf8d55b4f80b1ec96baa2ace,
        type: 3}
      propertyPath: m_LocalRotation.x
      value: 0
      objectReference: {fileID: 0}
    - target: {fileID: 3618456264386594557, guid: 426e2b92cf8d55b4f80b1ec96baa2ace,
        type: 3}
      propertyPath: m_LocalRotation.y
      value: 0
      objectReference: {fileID: 0}
    - target: {fileID: 3618456264386594557, guid: 426e2b92cf8d55b4f80b1ec96baa2ace,
        type: 3}
      propertyPath: m_LocalRotation.z
      value: 0
      objectReference: {fileID: 0}
    - target: {fileID: 3618456264386594557, guid: 426e2b92cf8d55b4f80b1ec96baa2ace,
        type: 3}
      propertyPath: m_LocalRotation.w
      value: 1
      objectReference: {fileID: 0}
    - target: {fileID: 3618456264386594557, guid: 426e2b92cf8d55b4f80b1ec96baa2ace,
        type: 3}
      propertyPath: m_RootOrder
      value: 4
      objectReference: {fileID: 0}
    - target: {fileID: 3618456264386594557, guid: 426e2b92cf8d55b4f80b1ec96baa2ace,
        type: 3}
      propertyPath: m_LocalEulerAnglesHint.x
      value: 0
      objectReference: {fileID: 0}
    - target: {fileID: 3618456264386594557, guid: 426e2b92cf8d55b4f80b1ec96baa2ace,
        type: 3}
      propertyPath: m_LocalEulerAnglesHint.y
      value: 0
      objectReference: {fileID: 0}
    - target: {fileID: 3618456264386594557, guid: 426e2b92cf8d55b4f80b1ec96baa2ace,
        type: 3}
      propertyPath: m_LocalEulerAnglesHint.z
      value: 0
      objectReference: {fileID: 0}
    m_RemovedComponents: []
  m_SourcePrefab: {fileID: 100100000, guid: 426e2b92cf8d55b4f80b1ec96baa2ace, type: 3}
--- !u!1001 &2098352860
PrefabInstance:
  m_ObjectHideFlags: 0
  serializedVersion: 2
  m_Modification:
    m_TransformParent: {fileID: 0}
    m_Modifications:
    - target: {fileID: 7630997086260263971, guid: f1aee280ebf7a244d8a2fc2edbc9e161,
        type: 3}
      propertyPath: m_Name
      value: unlit brazier
      objectReference: {fileID: 0}
    - target: {fileID: 7630997086260263975, guid: f1aee280ebf7a244d8a2fc2edbc9e161,
        type: 3}
      propertyPath: m_LocalPosition.x
      value: -106.3
      objectReference: {fileID: 0}
    - target: {fileID: 7630997086260263975, guid: f1aee280ebf7a244d8a2fc2edbc9e161,
        type: 3}
      propertyPath: m_LocalPosition.y
      value: -0.1
      objectReference: {fileID: 0}
    - target: {fileID: 7630997086260263975, guid: f1aee280ebf7a244d8a2fc2edbc9e161,
        type: 3}
      propertyPath: m_LocalPosition.z
      value: 0
      objectReference: {fileID: 0}
    - target: {fileID: 7630997086260263975, guid: f1aee280ebf7a244d8a2fc2edbc9e161,
        type: 3}
      propertyPath: m_LocalRotation.x
      value: 0
      objectReference: {fileID: 0}
    - target: {fileID: 7630997086260263975, guid: f1aee280ebf7a244d8a2fc2edbc9e161,
        type: 3}
      propertyPath: m_LocalRotation.y
      value: 0
      objectReference: {fileID: 0}
    - target: {fileID: 7630997086260263975, guid: f1aee280ebf7a244d8a2fc2edbc9e161,
        type: 3}
      propertyPath: m_LocalRotation.z
      value: 0
      objectReference: {fileID: 0}
    - target: {fileID: 7630997086260263975, guid: f1aee280ebf7a244d8a2fc2edbc9e161,
        type: 3}
      propertyPath: m_LocalRotation.w
      value: 1
      objectReference: {fileID: 0}
    - target: {fileID: 7630997086260263975, guid: f1aee280ebf7a244d8a2fc2edbc9e161,
        type: 3}
      propertyPath: m_RootOrder
      value: 1
      objectReference: {fileID: 0}
    - target: {fileID: 7630997086260263975, guid: f1aee280ebf7a244d8a2fc2edbc9e161,
        type: 3}
      propertyPath: m_LocalEulerAnglesHint.x
      value: 0
      objectReference: {fileID: 0}
    - target: {fileID: 7630997086260263975, guid: f1aee280ebf7a244d8a2fc2edbc9e161,
        type: 3}
      propertyPath: m_LocalEulerAnglesHint.y
      value: 0
      objectReference: {fileID: 0}
    - target: {fileID: 7630997086260263975, guid: f1aee280ebf7a244d8a2fc2edbc9e161,
        type: 3}
      propertyPath: m_LocalEulerAnglesHint.z
      value: 0
      objectReference: {fileID: 0}
    - target: {fileID: 7630997086260263969, guid: f1aee280ebf7a244d8a2fc2edbc9e161,
        type: 3}
      propertyPath: levelManager
      value: 
      objectReference: {fileID: 1377656965}
    m_RemovedComponents: []
  m_SourcePrefab: {fileID: 100100000, guid: f1aee280ebf7a244d8a2fc2edbc9e161, type: 3}
--- !u!1001 &2118568952
PrefabInstance:
  m_ObjectHideFlags: 0
  serializedVersion: 2
  m_Modification:
    m_TransformParent: {fileID: 0}
    m_Modifications:
    - target: {fileID: 2719884511815736477, guid: 73d858769d581bd4c9e4a2a7c9c1c62c,
        type: 3}
      propertyPath: m_Name
      value: 3x1 Forest Floor
      objectReference: {fileID: 0}
    - target: {fileID: 2719884511815736476, guid: 73d858769d581bd4c9e4a2a7c9c1c62c,
        type: 3}
      propertyPath: m_LocalPosition.x
      value: 9.53
      objectReference: {fileID: 0}
    - target: {fileID: 2719884511815736476, guid: 73d858769d581bd4c9e4a2a7c9c1c62c,
        type: 3}
      propertyPath: m_LocalPosition.y
      value: -7.14
      objectReference: {fileID: 0}
    - target: {fileID: 2719884511815736476, guid: 73d858769d581bd4c9e4a2a7c9c1c62c,
        type: 3}
      propertyPath: m_LocalPosition.z
      value: -22.660156
      objectReference: {fileID: 0}
    - target: {fileID: 2719884511815736476, guid: 73d858769d581bd4c9e4a2a7c9c1c62c,
        type: 3}
      propertyPath: m_LocalRotation.x
      value: -0
      objectReference: {fileID: 0}
    - target: {fileID: 2719884511815736476, guid: 73d858769d581bd4c9e4a2a7c9c1c62c,
        type: 3}
      propertyPath: m_LocalRotation.y
      value: -0
      objectReference: {fileID: 0}
    - target: {fileID: 2719884511815736476, guid: 73d858769d581bd4c9e4a2a7c9c1c62c,
        type: 3}
      propertyPath: m_LocalRotation.z
      value: -0
      objectReference: {fileID: 0}
    - target: {fileID: 2719884511815736476, guid: 73d858769d581bd4c9e4a2a7c9c1c62c,
        type: 3}
      propertyPath: m_LocalRotation.w
      value: 1
      objectReference: {fileID: 0}
    - target: {fileID: 2719884511815736476, guid: 73d858769d581bd4c9e4a2a7c9c1c62c,
        type: 3}
      propertyPath: m_RootOrder
      value: 3
      objectReference: {fileID: 0}
    - target: {fileID: 2719884511815736476, guid: 73d858769d581bd4c9e4a2a7c9c1c62c,
        type: 3}
      propertyPath: m_LocalEulerAnglesHint.x
      value: 0
      objectReference: {fileID: 0}
    - target: {fileID: 2719884511815736476, guid: 73d858769d581bd4c9e4a2a7c9c1c62c,
        type: 3}
      propertyPath: m_LocalEulerAnglesHint.y
      value: 0
      objectReference: {fileID: 0}
    - target: {fileID: 2719884511815736476, guid: 73d858769d581bd4c9e4a2a7c9c1c62c,
        type: 3}
      propertyPath: m_LocalEulerAnglesHint.z
      value: 0
      objectReference: {fileID: 0}
    m_RemovedComponents: []
  m_SourcePrefab: {fileID: 100100000, guid: 73d858769d581bd4c9e4a2a7c9c1c62c, type: 3}
--- !u!4 &2130761168 stripped
Transform:
  m_CorrespondingSourceObject: {fileID: 6140113488773068018, guid: 3596eea3e7d8a58428b8ddf08a4faf98,
    type: 3}
  m_PrefabInstance: {fileID: 1770213470}
  m_PrefabAsset: {fileID: 0}
